@Manual{dask,
  title = {Dask: Library for dynamic task scheduling},
  author = {{Dask Development Team}},
  year = {2016},
  url = {http://dask.pydata.org},
}

@software{awkward,
  author       = {Jim Pivarski and
                  Charles Escott and
                  Nicholas Smith and
                  Michael Hedges and
                  Mason Proffitt and
                  Charlie Escott and
                  Jaydeep Nandi and
                  Jonas Rembser and
                  bfis and
                  benkrikler and
                  Lindsey Gray and
                  Doug Davis and
                  Henry Schreiner and
                  Nollde and
                  Peter Fackeldey and
                  Pratyush Das},
  title        = {scikit-hep/awkward-array: 0.13.0},
  month        = jul,
  year         = 2020,
  publisher    = {Zenodo},
  version      = {0.13.0},
  doi          = {10.5281/zenodo.3952674},
  url          = {https://doi.org/10.5281/zenodo.3952674},
}

@misc{pocketCoffea,
  author       = {Matteo Marchegiani},
  title        = {PocketCoffea: a configuration layer for CMS
                   analyses with Coffea
                  },
  month        = oct,
  year         = 2023,
  publisher    = {Zenodo},
  doi          = {10.5281/zenodo.8435696},
  url          = {https://doi.org/10.5281/zenodo.8435696},
}


@misc{CMS_SMXsec_13TeV,
  author       = "{CMS Collaboration}",
  title        = "{Standard Model Cross Sections at 13 TeV}",
  year         = "2025",
  howpublished = "\url{https://twiki.cern.ch/twiki/bin/viewauth/CMS/StandardModelCrossSectionsat13TeV}",
  note         = "Accessed: 2025-02-21"
}


@article{CMS_AN_2019-124,
    AUTHOR       = "Darin Acosta and Mohammad Alhusseini and Paolo Azzurri and Pierluigi Bortignon and Dimitri Bourilkov and Andrew Brinkerhoff and Stephane Cooperstein and Irene Dutta and Raffaele Gerosa and Leonardo Giannini and Markus Klute and Dmitry Kondratyev and Tobias Kramer and Torben Lange and Nan Lu and Giulio Mandorli and Andrea Carlo Marini and Jane Nachtman and Norbert Neumeister and Yasar Onel and Joosep Pata and Oliver Rieger and Andrea Rizzi and Vivek Sharma and Peter Schleper and Maria Spiropulu and Adish Vartak and Jean-Roch Vlimant and Si Xie and Xunwu Zuo",
     TITLE        = "{Search for Higgs boson decays into muons in proton-proton collisions at 13 TeV using Run 2 data sets}",
     TYPE      = "CMS Analysis Note",
     institution   = "CERN",
     journal = "CMS-AN-2019/124",
     URL          = "http://cms.cern.ch/iCMS/jsp/openfile.jsp?tp=draft&files=AN2019_124_v7.pdf",
     YEAR         = "2019"
}

@online{Run3_projection,
  author = {{Jost Von Den Driesch}},
  title = {{Projection of Run 3 scenarios}},
  year = {2024},
  url = {https://indico.cern.ch/event/1451198/#sc-26-2-contribution-2},
  note = {Accessed: 2024-02-23}
}